<?xml version="1.0" encoding="utf-8"?>
<record xmlns="http://www.loc.gov/MARC21/slim" xmlns:xsi="http://www.w3.org/2001/XMLSchema-instance" xsi:schemaLocation="http://www.loc.gov/MARC21/slim http://www.loc.gov/standards/marcxml/schema/MARC21slim.xsd">
	<leader>     nam a22        4500</leader>
	<controlfield tag="001">2697635</controlfield>
	<controlfield tag="003">NNC</controlfield>
	<controlfield tag="006">m        d        </controlfield>
	<controlfield tag="007">cr cn |||m|||a</controlfield>
	<controlfield tag="008">171211s1952    sy a    o    f000 0 ara d</controlfield>
	<datafield ind1=" " ind2=" " tag="040">
		<subfield code="a">NNU</subfield>
		<subfield code="b">eng</subfield>
		<subfield code="e">rda</subfield>
		<subfield code="c">NNU</subfield>
	</datafield>
	<datafield ind1=" " ind2=" " tag="066">
		<subfield code="c">(3</subfield>
	</datafield>
	<datafield ind1=" " ind2=" " tag="043">
		<subfield code="a">a-sy---</subfield>
	</datafield>
	<datafield ind1=" " ind2="4" tag="050">
		<subfield code="a">DS93</subfield>
		<subfield code="b">.S855 1952</subfield>
	</datafield>
	<datafield ind1="1" ind2=" " tag="110">
		<subfield code="a">Syria.</subfield>
	</datafield>
	<datafield ind1="1" ind2="3" tag="245">
		<subfield code="6">880-01</subfield>
		<subfield code="a">al-Bayān al-awwal min dawlat al-zaʻīm Fawzī Silū, raʼīs al-dawlah, raʼīs Majlis al-Wuzarāʼ, ilá al-shaʻb al-Sūrī.</subfield>
	</datafield>
	<datafield ind1="1" ind2="4" tag="246">
		<subfield code="6">880-02</subfield>
		<subfield code="a">Bayān al-awwal ilá al-shaʻb al-Sūrī ʻan aʻmāl al-ʻahd al-jadīd khilāl thalāthat ashhur</subfield>
	</datafield>
	<datafield ind1=" " ind2=" " tag="260">
		<subfield code="6">880-03</subfield>
		<subfield code="a">[Damascus] :</subfield>
		<subfield code="b">al-Mudīrīyah al-ʻĀmmah lil-Diʻāyah wa-lil-Anbāʼ,</subfield>
		<subfield code="c">1952.</subfield>
	</datafield>
	<datafield ind1=" " ind2=" " tag="300">
		<subfield code="a">online resource (62 pages) :</subfield>
		<subfield code="b">illustrations</subfield>
	</datafield>
	<datafield ind1=" " ind2=" " tag="336">
		<subfield code="a">text</subfield>
		<subfield code="2">rdacontent</subfield>
	</datafield>
	<datafield ind1=" " ind2=" " tag="337">
		<subfield code="a">computer</subfield>
		<subfield code="2">rdamedia</subfield>
	</datafield>
	<datafield ind1=" " ind2=" " tag="338">
		<subfield code="a">online resource</subfield>
		<subfield code="2">rdacarrier</subfield>
	</datafield>
	<datafield ind1=" " ind2=" " tag="500">
		<subfield code="a">Part of the Arabic Collections Online (ACO) project, contributed by Columbia University Libraries.</subfield>
	</datafield>
	<datafield ind1=" " ind2=" " tag="533">
		<subfield code="a">Electronic reproduction.</subfield>
		<subfield code="b">New York, N.Y. :</subfield>
		<subfield code="c">New York University,</subfield>
		<subfield code="d">2017.</subfield>
		<subfield code="5">NNU</subfield>
	</datafield>
	<datafield ind1=" " ind2="0" tag="651">
		<subfield code="a">Syria</subfield>
		<subfield code="x">Politics and government.</subfield>
	</datafield>
	<datafield ind1=" " ind2="0" tag="651">
		<subfield code="a">Syria</subfield>
		<subfield code="x">Social conditions.</subfield>
	</datafield>
	<datafield ind1=" " ind2="0" tag="651">
		<subfield code="a">Syria</subfield>
		<subfield code="x">Economic conditions.</subfield>
	</datafield>
	<datafield ind1=" " ind2="7" tag="650">
		<subfield code="a">Economic history.</subfield>
		<subfield code="2">fast</subfield>
		<subfield code="0">(OCoLC)fst00901974</subfield>
	</datafield>
	<datafield ind1=" " ind2="7" tag="650">
		<subfield code="a">Politics and government.</subfield>
		<subfield code="2">fast</subfield>
		<subfield code="0">(OCoLC)fst01919741</subfield>
	</datafield>
	<datafield ind1=" " ind2="7" tag="650">
		<subfield code="a">Social conditions.</subfield>
		<subfield code="2">fast</subfield>
		<subfield code="0">(OCoLC)fst01919811</subfield>
	</datafield>
	<datafield ind1=" " ind2="7" tag="651">
		<subfield code="a">Syria.</subfield>
		<subfield code="2">fast</subfield>
		<subfield code="0">(OCoLC)fst01208757</subfield>
	</datafield>
	<datafield ind1="1" ind2=" " tag="700">
		<subfield code="6">880-04</subfield>
		<subfield code="a">Silū, Fawzī.</subfield>
	</datafield>
	<datafield ind1="2" ind2=" " tag="710">
		<subfield code="a">Columbia University.</subfield>
		<subfield code="b">Libraries.</subfield>
	</datafield>
	<datafield ind1="0" ind2=" " tag="730">
		<subfield code="a">Arabic Collections Online.</subfield>
	</datafield>
	<datafield ind1="0" ind2="8" tag="776">
		<subfield code="i">Print version:</subfield>
		<subfield code="a">Syria.</subfield>
		<subfield code="t">al-Bayān al-awwal min dawlat al-zaʻīm Fawzī Silū, raʼīs al-dawlah, raʼīs Majlis al-Wuzarāʼ, ilá al-shaʻb al-Sūrī</subfield>
		<subfield code="w">(NNC)2697635</subfield>
		<subfield code="w">(OCoLC)45128967</subfield>
	</datafield>
	<datafield ind1="4" ind2="0" tag="856">
		<subfield code="u">http://hdl.handle.net/2333.1/pc8670ff</subfield>
	</datafield>
	<datafield ind1="1" ind2="2" tag="880">
		<subfield code="6">245-01/(3/r</subfield>
		<subfield code="a">البيان الاول من دولة الزعيم فوزي سلو، رئيس الدولة، رئيس مجلس الوزراء، الى الشعب السوري.</subfield>
	</datafield>
	<datafield ind1="1" ind2="4" tag="880">
		<subfield code="6">246-02/(3/r</subfield>
		<subfield code="a">بيان الاول الى الشعب السوري عن اعمال العهد الجديد خلال ثلاثة اشهر</subfield>
	</datafield>
	<datafield ind1=" " ind2=" " tag="880">
		<subfield code="6">260-03/(3/r</subfield>
		<subfield code="a">[Damascus] :</subfield>
		<subfield code="b">المديرية العامة للدعاية وللانباء،</subfield>
		<subfield code="c">1952.</subfield>
	</datafield>
	<datafield ind1="1" ind2=" " tag="880">
		<subfield code="6">700-04</subfield>
		<subfield code="a">سلو، فوزي.</subfield>
	</datafield>
	<datafield ind1=" " ind2=" " tag="959">
		<subfield code="a">NNU</subfield>
		<subfield code="b">WEB</subfield>
		<subfield code="c">GENI</subfield>
		<subfield code="t">0</subfield>
		<subfield code="m">Electronic access</subfield>
		<subfield code="s">01</subfield>
	</datafield>
	<datafield ind1=" " ind2=" " tag="999">
		<subfield code="i">NNC_2697635</subfield>
		<subfield code="o">(OCoLC)ocm45128967</subfield>
		<subfield code="s">columbia_aco002972</subfield>
		<subfield code="e">(ERROR-880)</subfield>
	</datafield>
</record>
